# For citing RFCs, see https://tex.stackexchange.com/a/161413
